@article{cv,
author = {Yann LeCun and Yoshua Bengio and Geoffrey Hinton},
title = {Deep learning},
journal = {Nature},
year = 2015
}

@article{cnn_language,
author = {Ye Zhang and Byron Wallace},
title = {A sensitivity analysis of (and practitioners' guide to) convolutional neural networks for sentence classification},
year = 2015
}

@article{kim,
author = {Yoon Kim},
title = {Convolutional neural networks for sentence classification},
year = 2014
}

@article{panglee,
author = {Bo Pang and Lillian Lee and Shivakumar Vaithyanathan},
title = {Thumbs up?: sentiment classification using machine learning techniques},
journal = {EMNLP},
volume = 10,
year = 2002
}

@article{socher,
author = {Richard Socher and Alex Perelygin and Jean Wu and Jason Chuang and Christopher Manning and Andrew Ng and Christopher Potts},
title = {Recursive Deep Models for Semantic Compositionality
Over a Sentiment Treebank},
journal = {EMNLP},
year = 2013
}

@article{wiebe,
author = {Janyce Wiebe and Theresa Wilson and Claire Cardie},
title = {Annotating expressions of opinions and emotions in language},
journal = {Language re- sources and evaluation},
year = 2005
}

@article{w2v,
author = {Tomas Mikolov and Ilya Sutskever and Kai Chen and Greg S Corrado and Jeff Dean},
title = {Distributed representations of words and phrases and their compositionality},
journal = {NIPS},
year = 2013
}

@article{glove,
author = {Jeffrey Pennington and Richard Socher and Christopher Manning},
title = {Glove: Global vectors for word representation},
journal = {EMNLP},
year = 2014
}

@article{nb,
author = {Robert Speer and Joshua Chin and Catherine Havasi},
title = {ConceptNet 5.5: An Open Multilingual Graph of General Knowledge},
journal = {AAAI},
year = 2017
}

@article{pooling,
author = {Y-Lan Boureau and Jean Ponce and Yann LeCun},
title = {A theoretical analysis of feature pooling in visual recognition},
journal = {ICML},
year = 2010
}

@article{relu,
author = {Andrew L. Maas and Awni Y. Hannun and Andrew Y. Ng},
title = {Rectifier nonlinearities improve neural network acoustic models},
journal = {ICML},
volume = 30,
year = 2013
}

@article{adam,
author = {Diederik P. Kingma and Jimmy Ba},
title = {Adam: A method for stochastic optimization},
year = 2014
}

@article{opensub,
author = {Pierre Lison and Jorg Tiedemann},
title = {Opensubtitles2016: Extracting large parallel corpora from movie and tv subtitles},
journal = {LREC},
year = 2016
}